@book{Goodfellow-et-al-2016,
    title={Deep Learning},
    author={Ian Goodfellow and Yoshua Bengio and Aaron Courville},
    publisher={MIT Press},
    note={\url{http://www.deeplearningbook.org}},
    year={2016}
}

@book{Calin2020,
  doi = {10.1007/978-3-030-36721-3},
  url = {https://doi.org/10.1007/978-3-030-36721-3},
  year = {2020},
  publisher = {Springer International Publishing},
  author = {Ovidiu Calin},
  title = {Deep Learning Architectures}
}

@INPROCEEDINGS{LeCun1989,
  author = {LeCun, Y.},
  pages           = {1-9},
  title = {Generalization and Network Design Strategies},
  booktitle = {Connectionism in Perspective},
  year = {1989},
  editor = {Pfeifer, R. and Schreter, Z. and Fogelman, F. and Steels, L.},
  address = {Zurich, Switzerland},
  publisher = {Elsevier},
  note = {an extended version was published as a technical report of the University
	of Toronto},
  key = {LeCun}
}

@article{Hubel1959,
  doi = {10.1113/jphysiol.1959.sp006308},
  url = {https://doi.org/10.1113/jphysiol.1959.sp006308},
  year = {1959},
  month = oct,
  publisher = {Wiley},
  volume = {148},
  number = {3},
  pages = {574--591},
  author = {D. H. Hubel and T. N. Wiesel},
  title = {Receptive fields of single neurones in the cat{\textquotesingle}s striate cortex},
  journal = {The Journal of Physiology}
}

@article{Hubel1962,
  doi = {10.1113/jphysiol.1962.sp006837},
  url = {https://doi.org/10.1113/jphysiol.1962.sp006837},
  year = {1962},
  month = jan,
  publisher = {Wiley},
  volume = {160},
  number = {1},
  pages = {106--154},
  author = {D. H. Hubel and T. N. Wiesel},
  title = {Receptive fields,  binocular interaction and functional architecture in the cat{\textquotesingle}s visual cortex},
  journal = {The Journal of Physiology}
}

@misc{Ver17,
  author       = {Roman Veremyov},
  title        = {Implementing The Human Brain: Exploring The Potential of Convolutional Neural Networks},
  howpublished = {\url{https://distillery.com/blog/implementing-human-brain-exploring-potential-convolutional-neural-networks/}},
  year         = {2017},
  month        = jul,
  day          = {19}
}